%YAML 1.1
%TAG !u! tag:unity3d.com,2011:
--- !u!1 &5147851707570036536
GameObject:
  m_ObjectHideFlags: 0
  m_CorrespondingSourceObject: {fileID: 0}
  m_PrefabInstance: {fileID: 0}
  m_PrefabAsset: {fileID: 0}
  serializedVersion: 6
  m_Component:
  - component: {fileID: 5147851707570036519}
  - component: {fileID: 5147851707570036518}
  - component: {fileID: 5147851707570036517}
  m_Layer: 0
  m_Name: AMREnergy
  m_TagString: Untagged
  m_Icon: {fileID: 0}
  m_NavMeshLayer: 0
  m_StaticEditorFlags: 0
  m_IsActive: 1
--- !u!4 &5147851707570036519
Transform:
  m_ObjectHideFlags: 0
  m_CorrespondingSourceObject: {fileID: 0}
  m_PrefabInstance: {fileID: 0}
  m_PrefabAsset: {fileID: 0}
  m_GameObject: {fileID: 5147851707570036536}
  m_LocalRotation: {x: -0, y: -0, z: -0, w: 1}
  m_LocalPosition: {x: 295, y: 337.5, z: 0}
  m_LocalScale: {x: 1, y: 1, z: 1}
  m_Children: []
  m_Father: {fileID: 5147851709556972709}
  m_RootOrder: 2
  m_LocalEulerAnglesHint: {x: 0, y: 0, z: 0}
--- !u!114 &5147851707570036518
MonoBehaviour:
  m_ObjectHideFlags: 0
  m_CorrespondingSourceObject: {fileID: 0}
  m_PrefabInstance: {fileID: 0}
  m_PrefabAsset: {fileID: 0}
  m_GameObject: {fileID: 5147851707570036536}
  m_Enabled: 1
  m_EditorHideFlags: 0
  m_Script: {fileID: 11500000, guid: 0aa3d20df3b5bbe48987dd6a861fb393, type: 3}
  m_Name: 
  m_EditorClassIdentifier: 
  opcSubset: {fileID: 0}
  dataBackendEntries:
  - dataBackendEntryType: 0
    name: voltage
    type: 
    id: 0
  - dataBackendEntryType: 0
    name: current
    type: 
    id: 0
  - dataBackendEntryType: 0
    name: power
    type: 
    id: 0
  - dataBackendEntryType: 0
    name: soc
    type: 
    id: 0
--- !u!114 &5147851707570036517
MonoBehaviour:
  m_ObjectHideFlags: 0
  m_CorrespondingSourceObject: {fileID: 0}
  m_PrefabInstance: {fileID: 0}
  m_PrefabAsset: {fileID: 0}
  m_GameObject: {fileID: 5147851707570036536}
  m_Enabled: 1
  m_EditorHideFlags: 0
  m_Script: {fileID: 11500000, guid: cfb140fb448e1264e99f5e1b89320358, type: 3}
  m_Name: 
  m_EditorClassIdentifier: 
  dataBackend: {fileID: 5147851707570036518}
  data:
  - 0
  - 0
  - 0
  - 0
  opcValueText:
  - {fileID: 0}
  - {fileID: 0}
  - {fileID: 0}
  - {fileID: 0}
--- !u!1 &5147851708643574956
GameObject:
  m_ObjectHideFlags: 0
  m_CorrespondingSourceObject: {fileID: 0}
  m_PrefabInstance: {fileID: 0}
  m_PrefabAsset: {fileID: 0}
  serializedVersion: 6
  m_Component:
  - component: {fileID: 5147851708643574955}
  - component: {fileID: 5147851708643574954}
  - component: {fileID: 5147851708643574953}
  m_Layer: 0
  m_Name: AMRSafety
  m_TagString: Untagged
  m_Icon: {fileID: 0}
  m_NavMeshLayer: 0
  m_StaticEditorFlags: 0
  m_IsActive: 1
--- !u!4 &5147851708643574955
Transform:
  m_ObjectHideFlags: 0
  m_CorrespondingSourceObject: {fileID: 0}
  m_PrefabInstance: {fileID: 0}
  m_PrefabAsset: {fileID: 0}
  m_GameObject: {fileID: 5147851708643574956}
  m_LocalRotation: {x: -0, y: -0, z: -0, w: 1}
  m_LocalPosition: {x: 295, y: 337.5, z: 0}
  m_LocalScale: {x: 1, y: 1, z: 1}
  m_Children: []
  m_Father: {fileID: 5147851709556972709}
  m_RootOrder: 1
  m_LocalEulerAnglesHint: {x: 0, y: 0, z: 0}
--- !u!114 &5147851708643574954
MonoBehaviour:
  m_ObjectHideFlags: 0
  m_CorrespondingSourceObject: {fileID: 0}
  m_PrefabInstance: {fileID: 0}
  m_PrefabAsset: {fileID: 0}
  m_GameObject: {fileID: 5147851708643574956}
  m_Enabled: 1
  m_EditorHideFlags: 0
  m_Script: {fileID: 11500000, guid: 639602b6c1c5dfe43a3e8a396ca9fbe3, type: 3}
  m_Name: 
  m_EditorClassIdentifier: 
  opcSubset: {fileID: 0}
  dataBackendEntries:
  - dataBackendEntryType: 0
    name: warn1
    type: 
    id: 0
  - dataBackendEntryType: 0
    name: stop1
    type: 
    id: 0
  - dataBackendEntryType: 0
    name: warn2
    type: 
    id: 0
  - dataBackendEntryType: 0
    name: stop2
    type: 
    id: 0
--- !u!114 &5147851708643574953
MonoBehaviour:
  m_ObjectHideFlags: 0
  m_CorrespondingSourceObject: {fileID: 0}
  m_PrefabInstance: {fileID: 0}
  m_PrefabAsset: {fileID: 0}
  m_GameObject: {fileID: 5147851708643574956}
  m_Enabled: 1
  m_EditorHideFlags: 0
  m_Script: {fileID: 11500000, guid: 2f6aea5034c9abd43b6656c64a1a1349, type: 3}
  m_Name: 
  m_EditorClassIdentifier: 
  dataBackend: {fileID: 5147851708643574954}
  data: 00000000
  opcValueText:
  - {fileID: 0}
  - {fileID: 0}
  - {fileID: 0}
  - {fileID: 0}
--- !u!1 &5147851709172553799
GameObject:
  m_ObjectHideFlags: 0
  m_CorrespondingSourceObject: {fileID: 0}
  m_PrefabInstance: {fileID: 0}
  m_PrefabAsset: {fileID: 0}
  serializedVersion: 6
  m_Component:
  - component: {fileID: 5147851709172553798}
  - component: {fileID: 5147851709172553796}
  - component: {fileID: 5147851709172553797}
  m_Layer: 0
  m_Name: AMRPosition
  m_TagString: Untagged
  m_Icon: {fileID: 0}
  m_NavMeshLayer: 0
  m_StaticEditorFlags: 0
  m_IsActive: 1
--- !u!4 &5147851709172553798
Transform:
  m_ObjectHideFlags: 0
  m_CorrespondingSourceObject: {fileID: 0}
  m_PrefabInstance: {fileID: 0}
  m_PrefabAsset: {fileID: 0}
  m_GameObject: {fileID: 5147851709172553799}
  m_LocalRotation: {x: 0, y: 0, z: 0, w: 1}
  m_LocalPosition: {x: 0, y: 0, z: 0}
  m_LocalScale: {x: 1, y: 1, z: 1}
  m_Children: []
  m_Father: {fileID: 5147851709556972709}
  m_RootOrder: 0
  m_LocalEulerAnglesHint: {x: 0, y: 0, z: 0}
--- !u!114 &5147851709172553796
MonoBehaviour:
  m_ObjectHideFlags: 0
  m_CorrespondingSourceObject: {fileID: 0}
  m_PrefabInstance: {fileID: 0}
  m_PrefabAsset: {fileID: 0}
  m_GameObject: {fileID: 5147851709172553799}
  m_Enabled: 1
  m_EditorHideFlags: 0
  m_Script: {fileID: 11500000, guid: 0aa3d20df3b5bbe48987dd6a861fb393, type: 3}
  m_Name: 
  m_EditorClassIdentifier: 
  opcSubset: {fileID: 0}
  dataBackendEntries:
  - dataBackendEntryType: 0
    name: x
    type: 
    id: 0
  - dataBackendEntryType: 0
    name: y
    type: 
    id: 0
  - dataBackendEntryType: 0
    name: a
    type: 
    id: 0
--- !u!114 &5147851709172553797
MonoBehaviour:
  m_ObjectHideFlags: 0
  m_CorrespondingSourceObject: {fileID: 0}
  m_PrefabInstance: {fileID: 0}
  m_PrefabAsset: {fileID: 0}
  m_GameObject: {fileID: 5147851709172553799}
  m_Enabled: 1
  m_EditorHideFlags: 0
  m_Script: {fileID: 11500000, guid: 40047d13f8fcc1d45934cf2590814bfe, type: 3}
  m_Name: 
  m_EditorClassIdentifier: 
  dataBackend: {fileID: 5147851709172553796}
  data:
  - 0
  - 0
  - 0
  opcValueText:
  - {fileID: 0}
  - {fileID: 0}
  - {fileID: 0}
  c: 0
--- !u!1 &5147851709556972710
GameObject:
  m_ObjectHideFlags: 0
  m_CorrespondingSourceObject: {fileID: 0}
  m_PrefabInstance: {fileID: 0}
  m_PrefabAsset: {fileID: 0}
  serializedVersion: 6
  m_Component:
  - component: {fileID: 5147851709556972709}
  m_Layer: 0
  m_Name: BackendData
  m_TagString: Untagged
  m_Icon: {fileID: 0}
  m_NavMeshLayer: 0
  m_StaticEditorFlags: 0
  m_IsActive: 1
--- !u!4 &5147851709556972709
Transform:
  m_ObjectHideFlags: 0
  m_CorrespondingSourceObject: {fileID: 0}
  m_PrefabInstance: {fileID: 0}
  m_PrefabAsset: {fileID: 0}
  m_GameObject: {fileID: 5147851709556972710}
  m_LocalRotation: {x: 0, y: 0, z: 0, w: 1}
  m_LocalPosition: {x: 0, y: 0, z: 0}
  m_LocalScale: {x: 1, y: 1, z: 1}
  m_Children:
  - {fileID: 5147851709172553798}
  - {fileID: 5147851708643574955}
  - {fileID: 5147851707570036519}
  m_Father: {fileID: 0}
  m_RootOrder: 0
  m_LocalEulerAnglesHint: {x: 0, y: 0, z: 0}
